<?xml version="1.0" encoding="UTF-8"?><record xmlns="http://www.loc.gov/MARC21/slim" xmlns:cinclude="http://apache.org/cocoon/include/1.0" xmlns:zs="http://www.loc.gov/zing/srw/">
  <leader>00861cz  a2200169n  4500</leader>
  <controlfield tag="001">no2005019142</controlfield>
  <controlfield tag="003">DLC</controlfield>
  <controlfield tag="005">20120816082219.0</controlfield>
  <controlfield tag="008">050228n| acannaab           |a ana     c</controlfield>
  <datafield tag="010" ind1=" " ind2=" ">
    <subfield code="a">no2005019142</subfield>
  </datafield>
  <datafield tag="035" ind1=" " ind2=" ">
    <subfield code="a">(OCoLC)oca06572086</subfield>
  </datafield>
  <datafield tag="040" ind1=" " ind2=" ">
    <subfield code="a">InIU-L</subfield>
    <subfield code="b">eng</subfield>
    <subfield code="c">InIU-L</subfield>
    <subfield code="d">DLC</subfield>
  </datafield>
  <datafield tag="111" ind1="2" ind2=" ">
    <subfield code="a">Oslo Conference on Freedom of Religion and Belief</subfield>
    <subfield code="d">(1998)</subfield>
  </datafield>
  <datafield tag="410" ind1="2" ind2=" ">
    <subfield code="a">Oslo Conference on Freedom of Religion or Belief</subfield>
    <subfield code="d">(1998)</subfield>
  </datafield>
  <datafield tag="667" ind1=" " ind2=" ">
    <subfield code="a">THIS 1XX FIELD CANNOT BE USED UNDER RDA UNTIL THIS RECORD HAS BEEN REVIEWED AND/OR UPDATED</subfield>
  </datafield>
  <datafield tag="670" ind1=" " ind2=" ">
    <subfield code="a">Facilitating freedom of religion and belief, c2004:</subfield>
    <subfield code="b">p. xiv (Oslo Conference on Freedom of Religion and Belief) p. xix (Oslo Conference on Freedom of Religion or Belief)</subfield>
  </datafield>
  <datafield tag="670" ind1=" " ind2=" ">
    <subfield code="a">LC database, Feb. 28, 2005</subfield>
    <subfield code="b">(hdg.: Oslo Conference on Freedom of Religion and Belief (1998); usage: Oslo Conference on Freedom of Religion and Belief)</subfield>
  </datafield>
</record>